<record><leader>00000cas a22000007a 4500</leader><controlfield tag="001">39898322</controlfield><controlfield tag="008">980919d19021904tnudr ne      0    0eng d</controlfield><datafield ind1=" " ind2=" " tag="010"><subfield code="a">sn 98069856 </subfield></datafield><datafield ind1=" " ind2=" " tag="040"><subfield code="a">TGN</subfield><subfield code="b">eng</subfield><subfield code="c">TGN</subfield><subfield code="d">OCLCQ</subfield><subfield code="d">OCLCF</subfield><subfield code="d">OCLCO</subfield></datafield><datafield ind1="1" ind2=" " tag="029"><subfield code="a">AU@</subfield><subfield code="b">000014197142</subfield></datafield><datafield ind1=" " ind2=" " tag="042"><subfield code="a">msc</subfield></datafield><datafield ind1=" " ind2=" " tag="043"><subfield code="a">n-us-tn</subfield></datafield><datafield ind1="0" ind2="0" tag="245"><subfield code="a">Memphis morning news.</subfield></datafield><datafield ind1=" " ind2=" " tag="260"><subfield code="a">Memphis, Tenn. :</subfield><subfield code="b">Memphis News Pub. Co.,</subfield><subfield code="c">1902-</subfield></datafield><datafield ind1=" " ind2=" " tag="300"><subfield code="a">v.</subfield></datafield><datafield ind1=" " ind2=" " tag="310"><subfield code="a">Daily</subfield></datafield><datafield ind1="0" ind2=" " tag="362"><subfield code="a">Vol. 1, no. 1 (May 4, 1902)-</subfield></datafield><datafield ind1="1" ind2=" " tag="362"><subfield code="a">Ceased in Dec. 1904.</subfield></datafield><datafield ind1=" " ind2=" " tag="500"><subfield code="a">Editor: Gilbert D. Raine, &lt;1902&gt;</subfield></datafield><datafield ind1=" " ind2=" " tag="580"><subfield code="a">Merged with: Evening scimitar, to form: Memphis news-scimitar.</subfield></datafield><datafield ind1=" " ind2="0" tag="651"><subfield code="a">Memphis (Tenn.)</subfield><subfield code="v">Newspapers.</subfield></datafield><datafield ind1=" " ind2="0" tag="651"><subfield code="a">Shelby County (Tenn.)</subfield><subfield code="v">Newspapers.</subfield></datafield><datafield ind1=" " ind2="7" tag="655"><subfield code="a">Newspapers.</subfield><subfield code="2">fast</subfield><subfield code="0">(OCoLC)fst01423814</subfield></datafield><datafield ind1=" " ind2="7" tag="651"><subfield code="a">Tennessee</subfield><subfield code="z">Memphis.</subfield><subfield code="2">fast</subfield><subfield code="0">(OCoLC)fst01204194</subfield></datafield><datafield ind1=" " ind2="7" tag="651"><subfield code="a">Tennessee</subfield><subfield code="z">Shelby County.</subfield><subfield code="2">fast</subfield><subfield code="0">(OCoLC)fst01209894</subfield></datafield><datafield ind1=" " ind2=" " tag="752"><subfield code="a">United States</subfield><subfield code="b">Tennessee</subfield><subfield code="c">Shelby</subfield><subfield code="d">Memphis.</subfield></datafield><datafield ind1="1" ind2="7" tag="785"><subfield code="t">Evening scimitar</subfield><subfield code="w">(DLC)sn 98069871</subfield></datafield><datafield ind1="1" ind2="7" tag="785"><subfield code="t">Memphis news-scimitar</subfield><subfield code="w">(DLC)sn 88061115</subfield></datafield></record>